@techreport{recursiveSubgoals,
  author = {Han Yu, Dan C. Marinescu, Annie S. Wu and Howard Jay Siegel},
  title = {Planning with Recursive Subgoals},
  institution = {Colorado State University},
  year = {2004} 
}

@techreport{compResults,
  author = {Thomas Bolander},
  title = {Results of competition, 02285 F15},
  institution = {DTU},
  year = {2015} 
}
   
@techreport{dilation,
  author = {Ion-Augustin Giosan},
  title = {Morphological operations to binary images},
  institution = {Technical University of Cluj-Napoca},
  year = {2014} 
}       